@book{haykin1999neural,
  title={Neural Networks: A Comprehensive Foundation},
  author={Haykin, S.},
  isbn={9780780334946},
  url={http://books.google.sk/books?id=3-1HPwAACAAJ},
  year={1999},
  publisher={IEEE}
}

@book{kvasnicka1997uvod,
  title={{\'U}vod do te{\'o}rie neur{\'o}nov{\`y}ch siet{\'\i}},
  author={Kvasni{\v{c}}ka, V. and Be{\v{n}}u{\v{s}}kov{\'a}, L'. and Posp{\'\i}chal, J. and Farka{\v{s}}, I. and Ti{\v{n}}o, P. and Kr{\'a}l', A.},
  isbn={9788088778301},
  url={http://books.google.sk/books?id=0lI6AAAACAAJ},
  year={1997},
  publisher={Iris}
}

@masterthesis{pershing2009fourierka,
	title = "Fourierova transform{\'a}cia a jej pou\v{z}itie",
	author = {Peter Pere\v{s}{\'i}ni},
	school = "Katedra Informatiky, Fakulta matematiky, fyziky a informatiky,Univerzita Komensk{\'e}ho, Bratislava",
	year = "2009",
	type="Bachelor’s Thesis"
}

@masterthesis{dominika2011neural,
	title = "Aplikovan{\'e} vyu\v{z}itie neur{\'o}nov{\'y}ch sieti",
	author = {Dominika Fed{\'a}kov{\'a}},
	school = "Katedra Informatiky, Fakulta matematiky, fyziky a informatiky,Univerzita Komensk{\'e}ho, Bratislava",
	year = "2011",
	type="Bachelor’s Thesis"
}


@misc{kapture,
  title={Kapture},      
  year = "2012",
  url = "\url{http://kapture.berlios.de/}",  
  howpublished = "\hfill\break{\tt\url{http://kapture.berlios.de/}}",  
  note = {[Online; accessed 13-May-2012]}
}

@manual{qtManual,
   author = "Nokia",
   title = "Documentation | Qt Developer Network",
   year = "2012",
   note = "\hfill\break{\tt \url{http://qt-project.org/doc/}}[Online; accessed 30-May-2012]",  
}

@misc{wiki:bfs,
  author = {Wikipedia},
  year = "2012",
  title="{Breadth-first search}",      
  howpublished = "\hfill\break{\tt\url{http://en.wikipedia.org/wiki/Breadth-first_search}}",  
  note = {[Online; accessed 30-May-2012]}
}

@misc{wiki:bilinear,
  author = {Wikipedia},
  year = "2012",
  title="{Bilinear interpolation}",      
  howpublished = "\hfill\break{\tt\url{http://en.wikipedia.org/wiki/Bilinear_interpolation}}",  
  note = {[Online; accessed 30-May-2012]}
}

@misc{wiki:fourier,
  author = {Wikipedia},
  year = "2012",
  title="{Fourier transform}",      
  howpublished = "\hfill\break{\tt\url{http://en.wikipedia.org/wiki/Fourier_transform}}",  
  note = {[Online; accessed 30-May-2012]}
}

@misc{fourier,
  author = "Robert Fisher, Simon Perkins, Ashley Walker and Erik Wolfart",
  year = "2012",
  title = "{Fourier Transform}",
  howpublished = "\hfill\break{\tt\url{http://homepages.inf.ed.ac.uk/rbf/HIPR2/fourier.htm}}",  
  note = {[Online; accessed 30-May-2012]}
}